@inproceedings{hecate,
  author    = {Rawane Issa and Nicolas Alhaddad and Mayank Varia},
  title     = {Hecate: Abuse Reporting in Secure Messengers with Sealed Sender},
  booktitle = {31st USENIX Security Symposium (USENIX Security '22)},
  year      = {2022},
  isbn      = {978-1-939133-31-1},
  pages     = {2335--2352},
  url       = {https://www.usenix.org/conference/usenixsecurity22/presentation/issa},
  publisher = {USENIX Association},
  month     = aug
}

@misc{frost,
  author       = {Chelsea Komlo and Ian Goldberg},
  title        = {FROST: Flexible Round-Optimized Schnorr Threshold Signatures},
  howpublished = {Cryptology ePrint Archive, Paper 2020/852},
  year         = {2020},
  url          = {https://eprint.iacr.org/2020/852}
}

